<record><leader>00000cas a2200000 a 4500</leader><controlfield tag="001">9315810</controlfield><controlfield tag="008">830316d18941954txudr ne      0    0eng d</controlfield><controlfield tag="009">540</controlfield><datafield ind1=" " ind2=" " tag="010"><subfield code="a">sn 83045116 </subfield></datafield><datafield ind1=" " ind2=" " tag="040"><subfield code="a">CRL</subfield><subfield code="b">eng</subfield><subfield code="c">CRL</subfield><subfield code="d">NPW</subfield><subfield code="d">DLC</subfield><subfield code="d">PPM</subfield><subfield code="d">NYS</subfield><subfield code="d">PPM</subfield><subfield code="d">CNK</subfield><subfield code="d">DLC</subfield><subfield code="d">OCLCQ</subfield></datafield><datafield ind1="1" ind2=" " tag="029"><subfield code="a">AU@</subfield><subfield code="b">000026221702</subfield></datafield><datafield ind1=" " ind2=" " tag="042"><subfield code="a">msc</subfield></datafield><datafield ind1="0" ind2="0" tag="050"><subfield code="a">Newspaper</subfield></datafield><datafield ind1="0" ind2="0" tag="245"><subfield code="a">Daily times-herald.</subfield></datafield><datafield ind1="1" ind2="3" tag="246"><subfield code="a">Dallas daily times-herald</subfield></datafield><datafield ind1="1" ind2="3" tag="246"><subfield code="a">Times herald</subfield></datafield><datafield ind1=" " ind2=" " tag="260"><subfield code="a">Dallas, Tex. :</subfield><subfield code="b">Dallas Times Pub. Co.</subfield></datafield><datafield ind1=" " ind2=" " tag="300"><subfield code="a">v. :</subfield><subfield code="b">ill. ;</subfield><subfield code="c">55 cm.</subfield></datafield><datafield ind1=" " ind2=" " tag="310"><subfield code="a">Daily</subfield></datafield><datafield ind1="0" ind2=" " tag="362"><subfield code="a">Vol. 18, no. 43 (Feb. 19, 1894) ; -no. 103 (May 11, 1954).</subfield></datafield><datafield ind1=" " ind2=" " tag="500"><subfield code="a">Later published by: Times Herald Printing Co., &lt;1954&gt;.</subfield></datafield><datafield ind1=" " ind2=" " tag="752"><subfield code="a">United States</subfield><subfield code="b">Texas</subfield><subfield code="c">Dallas</subfield><subfield code="d">Dallas.</subfield></datafield><datafield ind1="0" ind2="0" tag="780"><subfield code="t">Dallas daily times-herald</subfield><subfield code="w">(DLC)sn 87090473</subfield></datafield><datafield ind1="0" ind2="0" tag="785"><subfield code="t">Dallas times herald</subfield><subfield code="w">(DLC)sn 83045115</subfield></datafield></record>